% RFCs / Drafts

@techreport{rfc4838,
  author       = {Cerf, Vinton G. and Burleigh, Scott C. and Durst, Robert C. and Fall, Kevin and Hooke, Adrian J. and Scott, Keith L. and Torgerson, Leigh and Weiss, Howard S.},
  title        = {{Delay-Tolerant Networking Architecture}},
  number       = {RFC 4838},
  year         = {2007},
  howpublished = {\url{https://tools.ietf.org/html/rfc4838}},
  institution  = {IETF}
}

@techreport{rfc5050,
  author       = {Scott, Keith L. and Burleigh, Scott},
  title        = {{Bundle Protocol Specification}},
  number       = {RFC 5050},
  year         = {2007},
  howpublished = {\url{https://tools.ietf.org/html/rfc5050}},
  institution  = {IETF}
}

@techreport{dtn_bp7v13,
  author       = {Burleigh, Scott and Fall, Kevin and Birrane, Edward J.},
  title        = {{Bundle Protocol Version 7 (draft version 13)}},
  year         = {2019},
  howpublished = {\url{https://tools.ietf.org/html/draft-ietf-dtn-bpbis-13}},
  institution  = {IETF}
}

@techreport{dtn_mtcp,
  author       = {Burleigh, Scott},
  title        = {{Minimal TCP Convergence-Layer Protocol}},
  year         = {2019},
  howpublished = {\url{https://tools.ietf.org/html/draft-ietf-dtn-mtcpcl-01}},
  institution  = {IETF}
}

@techreport{dtn_tcp,
  author       = {Sipos, Brian and Demmer, Michael and Ott, Joerg and Perreault, Simon},
  title        = {{Delay-Tolerant Networking TCP Convergence Layer Protocol Version 4}},
  year         = {2019},
  howpublished = {\url{https://tools.ietf.org/html/draft-ietf-dtn-tcpclv4-11}},
  institution  = {IETF}
}

% DTN Software
@inproceedings{feldmann2015upcn,
  author       = {Feldmann, Marius and Walter, Felix},
  title        = {{\textmu{}{PCN} - A Bundle Protocol Implementation for Microcontrollers}},
  booktitle    = {2015 Int. Conf. on Wireless Communications \& Signal Processing (WCSP)},
  year         = {2015},
  organization = {IEEE}
}

@inproceedings{doering2008ibr,
  author       = {Doering, Michael and Lahde, Sven and Morgenroth, Johannes and Wolf, Lars},
  title        = {{IBR-DTN: An Efficient Implementation for Embedded Systems}},
  booktitle    = {Third ACM Workshop on Challenged Networks},
  pages        = {117--120},
  year         = {2008},
  organization = {ACM}
}

@techreport{gardner2011serval,
  author      = {Gardner-Stephen, Paul},
  title       = {{The Serval Project: Practical Wireless Ad-Hoc Mobile Telecommunications}},
  institution = {Flinders University, Adelaide, Australia},
  year        = {2011}
}

@inproceedings{gardner2013serval,
  title        = {{The Serval Mesh: A Platform for Resilient
                  Communications in Disaster \& Crisis}},
  author       = {Gardner-Stephen, Paul and Challans, Romana and Lakeman, Jeremy and Bettison, Andrew and Gardner-Stephen, Dione and Lloyd, Matthew},
  booktitle    = {2013 IEEE Global Humanitarian Technology Conference (GHTC)},
  pages        = {162--166},
  year         = {2013},
  organization = {IEEE}
}

@inproceedings{baumgaertner2016experimental,
  author       = {Baumgärtner, Lars and Gardner-Stephen, Paul and Graubner, Pablo and Lakeman, Jeremy and Höchst, Jonas and Lampe, Patrick and Schmidt, Nils and Schulz, Stefan and Sterz, Artur and Freisleben, Bernd},
  title        = {{An Experimental Evaluation of Delay-Tolerantf Networking with Serval}},
  booktitle    = {2016 IEEE Global Humanitarian Technology Conference (GHTC)},
  pages        = {70--79},
  year         = {2016},
  organization = {IEEE}
}

@techreport{burleigh2007interplanetary,
  author      = {Burleigh, Scott},
  title       = {{Interplanetary Overlay Network An Implementation of the DTN Bundle Protocol}},
  year        = {2007},
  institution = {JPL}
}

@misc{garden2015firechat,
  author = {{Open Garden}},
  title  = {{Firechat}},
  year   = {2019},
  url    = {https://www.opengarden.com/firechat/}
}

@misc{rightmesh2019Terra,
  author = {RightMesh},
  title  = {{Terra: Lightweight and Extensible DTN Library}},
  year   = {2018},
  url    = {https://github.com/RightMesh/Terra}
}

@misc{dulauny2019forban,
  author = {Alexandre Dulaunoy},
  title  = {{Forban: A P2P Application for Link-local and Local Area Networks}},
  year   = {2016},
  url    = {https://github.com/adulau/Forban}
}

@techreport{demmer2004implementing,
  title       = {{Implementing Delay Tolerant Networking}},
  author      = {Demmer, Michael and Brewer, Eric and Fall, Kevin and Jain, Sushant and Ho, Melissa and Patra, Rabin},
  institution = {Intel Research Berkeley and University of California, Berkeley},
  year        = {2003}
}

% Software Eval
@inproceedings{ahrenholz2010comparison,
  author       = {Ahrenholz, Jeff},
  title        = {{Comparison of CORE Network Emulation Platforms}},
  booktitle    = {2010 Military Communications Conference (Milcom)},
  pages        = {166--171},
  year         = {2010},
  organization = {IEEE}
}

@inproceedings{baumgaertner2017speak,
  title        = {{Speak Less, Hear Enough: On Dynamic Announcement Intervals in Wireless On-demand Networks}},
  author       = {Baumgärtner, Lars and Graubner, Pablo and Höchst, Jonas and Klein, Anja and Freisleben, Bernd},
  booktitle    = {2017 13th Annual Conference on Wireless On-demand Network Systems and Services (WONS)},
  pages        = {33--40},
  year         = {2017},
  organization = {IEEE}
}

@inproceedings{pottner2011performance,
  author       = {Pöttner, Wolf-Bastian and Morgenroth, Johannes and Schildt, Sebastian and Wolf, Lars},
  title        = {{Performance Comparison of DTN Bundle Protocol Implementations}},
  booktitle    = {6th ACM Workshop on Challenged Networks},
  pages        = {61--64},
  year         = {2011},
  organization = {ACM}
}

@inproceedings{schwerdel2011tomato,
  title        = {{ToMaTo - A Network Experimentation Tool}},
  author       = {Schwerdel, Dennis and Hock, David and Günther, Daniel and Reuther, Bernd and M{\"u}ller, Paul and Tran-Gia, Phuoc},
  booktitle    = {International Conference on Testbeds and Research Infrastructures},
  pages        = {1--10},
  year         = {2011},
  organization = {Springer}
}

@inproceedings{froemmgen2018maci,
  title     = {{Don't Repeat Yourself: Seamless Execution and Analysis of Extensive Network Experiments}},
  author    = {Frömmgen, Alexander and Stohr, Denny and Koldehofe, Boris and Rizk, Amr},
  booktitle = {14th Int. Conf. on Emerging Networking Experiments and Technologies (CoNEXT'18)},
  year      = {2018}
} 

@incollection{riley2010ns,
  title     = {{The NS-3 Network Simulator}},
  author    = {Riley, George F and Henderson, Thomas R},
  booktitle = {Modeling and Tools for Network Simulation},
  pages     = {15--34},
  year      = {2010},
  publisher = {Springer}
}

@inproceedings{trono2015dtn,
  title        = {{Dtn mapex: Disaster Area Mapping through Distributed Computing over a Delay-tolerant Network}},
  author       = {Trono, Edgar Marko and Arakawa, Yutaka and Tamai, Morihiko and Yasumoto, Keiichi},
  booktitle    = {2015 Eighth International Conference on Mobile Computing and Ubiquitous Networking (ICMU)},
  pages        = {179--184},
  year         = {2015},
  organization = {IEEE}
}

@article{schildt2011ibr,
  title   = {{}IBR-DTN: A Lightweight, Modular and Highly Portable Bundle Protocol Implementation},
  author  = {Schildt, Sebastian and Morgenroth, Johannes and P{\"o}ttner, Wolf-Bastian and Wolf, Lars},
  journal = {Electronic Communications of the EASST},
  volume  = {37},
  year    = {2011}
}
